2894 5002
301 1623 349 1687 De
369 1623 450 1705 [vita
478 1626 510 1685 et
532 1618 712 1706 moribus]¹
746 1620 1034 1705 philosophorum⁸
1065 1627 1207 1688 veterum
1240 1631 1359 1692 tracta-

211 1732 302 1791 turus
324 1728 426 1792 multa
459 1750 520 1812 que
549 1726 588 1789 ab
612 1725 751 1809 antiquis
775 1726 940 1791 autoribus
974 1727 1007 1791 in
1037 1728 1168 1793 diversis
1201 1731 1291 1796 libris
1322 1734 1360 1797 de

210 1833 351 1917 ipsorum
373 1832 472 1916 gestis
495 1830 629 1915 sparsim
651 1829 770 1913 scripta
785 1832 908 1914 repperi
931 1832 964 1895 in
980 1855 1079 1896 unum
1095 1834 1244 1919 colligere
1267 1836 1357 1901 labo-

211 1937 280 2001 ravi
306 1937 506 2021 plurimaque
537 1958 646 2000 eorum
677 1957 827 2019 responsa
849 1936 1004 2000 notabilia
1033 1942 1065 2002 et
1091 1939 1176 2002 dicta
1197 1941 1359 2026 elegancia

208 2041 282 2105 huic
304 2042 386 2106 libro
410 2043 538 2121 inserui,
561 2064 622 2126 quc
645 2042 684 2104 ad
707 2041 883 2126 legencium
906 2043 1157 2108 consolacionem
1180 2049 1212 2109 et
1234 2068 1358 2111 morum

207 2146 469 2212 informacionem
491 2142 634 2212 conferre
656 2146 817 2210 valebunt.

612 2420 688 2505 (lap.
703 2400 737 2486 ¹l.
782 2420 949 2488 Thales.

294 2565 420 2643 Thales,
444 2562 667 2647 philosophus,
691 2561 833 2639 asianus,
857 2566 894 2625 ut
917 2563 963 2627 ait
984 2563 1130 2629 Laercius
1153 2567 1187 2630 in
1212 2570 1293 2633 libro
1317 2573 1355 2634 de
1382 2626 1387 2634 .

208 2671 273 2735 vita
287 2668 561 2755 philosophorum,
577 2670 667 2749 patre
678 2666 823 2745 uxamia
848 2672 949 2731 matre
964 2666 1149 2732 Cleobulina
1163 2669 1175 2706 ⁸
1199 2692 1238 2734 ex
1255 2671 1353 2755 (The-

205 2776 292 2857 lidis)
308 2775 331 2855 ⁴,
355 2775 409 2859 qui
433 2777 508 2837 sunt
530 2771 646 2835 senices
669 2771 869 2850 nobilissimi,
894 2772 1030 2837 Athenis
1053 2775 1197 2838 claruit⁸.

292 2881 354 2945 Hic
379 2874 556 2964 [primus]⁶
588 2874 713 2959 sapiens
736 2877 914 2960 appellatus
936 2882 984 2942 est
1010 2881 1181 2944 secundum
1204 2903 1298 2965 quem
1322 2889 1354 2948 et

204 2989 325 3070 septem
348 2982 523 3067 sapientesb
551 2983 655 3046 vocati
678 2987 762 3047 armt.
808 2983 886 3047 Fuit
916 2989 1021 3049 autem
1053 2987 1249 3072 conscriptus
1275 2989 1353 3055 civis

112 3093 116 3101 ’
204 3091 307 3156 Mileti
316 3099 336 3170 ⁰,
367 3090 437 3154 ideo
460 3088 576 3152 Thales
611 3087 751 3151 milesius
782 3089 960 3171 appellatus
985 3096 1042 3154 est.
1090 3090 1151 3155 Hic
1174 3098 1247 3177 post
1269 3095 1352 3177 poli·

204 3197 299 3262 ticam
323 3194 480 3259 naturalis
503 3193 705 3277 philosophie
726 3194 830 3257 factus
852 3199 900 3259 est
922 3197 1116 3279 speculator,
1150 3203 1182 3262 et
1204 3199 1352 3263 inventor

204 3301 301 3365 fuisse
333 3323 405 3365 urse
436 3299 565 3363 nlaioris
599 3302 631 3362 et
662 3298 783 3361 navalis
818 3299 991 3383 astrologie
1024 3301 1170 3367 diciturd.
1216 3302 1352 3388 Scripsit

202 3410 307 3469 autem
330 3407 369 3469 de
384 3405 587 3468 conversione
602 3408 634 3468 ct
649 3404 841 3488 equinoccio‚
857 3411 889 3470 et
904 3405 1025 3489 primus
1041 3407 1125 3472 inter
1140 3408 1349 3494 philosophos
1444 3388 1446 3399 ⁴

202 3510 318 3575 dicitur
341 3511 380 3574 de
403 3509 578 3593 astrologia
600 3513 762 3587 tractasse,
786 3532 906 3574 necnon
931 3516 963 3575 et
986 3512 1104 3577 solares
1127 3515 1295 3598 ecclipses⁰
1318 3521 1351 3580 et

201 3617 377 3682 eversiones
409 3615 548 3699 predixit
556 3613 574 3678 ¹.
626 3612 781 3679 Similiter
811 3620 844 3680 ct
875 3618 958 3681 inter
987 3618 1193 3704 philosophos
1227 3622 1348 3704 primus

768 3745 783 3778 t

273 3837 285 3889 l
306 3833 516 3895 cunutus&
535 3833 658 3888 moribus
677 3835 706 3887 et
725 3833 784 3888 vita
803 3833 835 3887 Η.
925 3838 941 3888 3
960 3835 1187 3905 philosophorum
1205 3841 1234 3892 et
1251 3842 1348 3909 poeta-

198 3941 260 3976 rum
281 3923 314 3975 H.
385 3925 400 3975 l
420 3921 581 4008 cleobolina
600 3921 706 3973 ADGB.
777 3925 844 3974 een
862 3929 913 3974 τῶν
931 3925 1049 3989 eutrotia
1069 3924 1147 3994 Diog.
1168 3926 1273 3991 Laert.;
1291 3928 1349 3981 edi·

197 4011 271 4063 libus
283 4011 322 4076 H;
340 4009 446 4065 civibus
459 4007 664 4063 CRLNADGB.
738 4011 754 4063 6
774 4008 985 4074 CRLNADGB3
1004 4018 1105 4078 πρῶτος
1123 4012 1202 4083 Diog.
1223 4014 1315 4069 Laert.

762 4133 777 4167 ²l¹

268 4246 285 4282 a
306 4228 385 4298 Diog.
406 4228 497 4283 Laert.
519 4228 538 4291 l,
558 4229 599 4292 22,
620 4229 677 4297 vgl.
696 4228 820 4283 Herodot
839 4229 860 4293 1,
879 4230 937 4285 170.
1002 4229 1098 4284 hNur
1118 4230 1227 4294 Thales,
1251 4231 1343 4295 Solon,

199 4317 323 4372 Pittacus
343 4317 399 4371 und
419 4317 484 4372 Bias
503 4318 614 4372 werden
638 4319 737 4372 immet
756 4320 838 4372 anter
858 4319 910 4373 den
930 4317 1025 4372 sieben
1044 4317 1143 4372 weisen
1164 4317 1343 4386 ausgefilhrt3

196 4405 241 4459 dia
265 4404 324 4459 drei
349 4405 457 4459 andern
483 4405 550 4459 aher
575 4405 637 4458 sind
663 4406 741 4459 nicht
773 4406 826 4459 mit
850 4406 972 4476 gleicher
998 4403 1145 4474 gewisheit
1169 4404 1341 4473 anzugebeu,

194 4509 217 4546 s.
228 4491 308 4561 Diog.
322 4492 414 4547 Laert.
429 4494 448 4555 l,
459 4494 501 4555 ll,
519 4493 590 4547 euch
603 4494 651 4556 30;
670 4493 797 4547 Clemens
813 4492 961 4548 Alexandr.
975 4491 1120 4546 Stromata
1132 4489 1180 4543 lib.
1193 4490 1214 4551 Ι,
1232 4507 1253 4543 c.
1269 4489 1341 4554 xlv,

195 4578 299 4648 iligna,
319 4579 425 4635 Patrol.
444 4598 513 4636 curs.
526 4582 655 4650 complet.
674 4580 762 4644 Paris,
781 4582 837 4635 Ser.
851 4596 962 4651 graeca
984 4578 1060 4632 bas
1078 4577 1178 4646 (1857),
1196 4594 1237 4646 sp.
1248 4577 1300 4633 758
1311 4578 1341 4631 Β.
