2894 5002
773 331 816 396 48

501 563 601 670 'Cap
625 564 680 631 IX.
728 566 1049 637 Anaximander.

309 728 547 795 Anaximander
569 729 768 811 Peraxiadis,
792 731 933 797 milesius
945 741 967 814 ⁸,
990 732 1220 819 philosophus,
1243 741 1371 808 auditor

222 833 382 914 Thaletis,
404 834 655 919 sapientissimus
687 841 720 902 et
749 836 955 903 Anaximenis
983 844 1147 925 preceptor
1169 841 1262 909 luith.
1308 846 1371 913 Hic

222 939 260 1002 de
282 944 398 1004 natura
420 940 558 1005 celorum
581 945 613 1005 et
635 940 673 1005 de
695 946 785 1006 motu
808 964 898 1027 spere
920 943 1043 1009 celestis
1059 967 1215 1031 cursuque
1230 949 1369 1017 siderum
1421 1016 1425 1023 .

222 1048 254 1108 et
276 1045 314 1109 de
335 1050 451 1109 natura
472 1067 578 1110 rerum
602 1045 703 1110 multa
727 1046 853 1132 scripsit
884 1054 916 1114 et
938 1072 1128 1135 magnarum
1152 1054 1369 1121 subtilitatum

222 1150 393 1235 astrologie
415 1150 562 1217 inventor
585 1149 657 1216 fuit.
703 1149 765 1216 Hic
781 1151 924 1219 Thaletis
946 1157 1093 1241 magistri
1116 1158 1166 1222 sui
1188 1161 1370 1244 opinionem

221 1253 259 1318 de
281 1259 396 1319 natura
418 1277 523 1319 rerum
546 1256 694 1334 mutavit,
720 1277 784 1321 nou
807 1257 892 1324 enim
914 1283 953 1326 ex
975 1283 1038 1326 una
1060 1285 1114 1342 re,
1146 1265 1228 1331 sicut
1250 1265 1367 1333 Thales

221 1381 258 1424 er
282 1359 423 1439 humore,
447 1360 500 1425 sed
523 1382 561 1425 ex
583 1361 648 1424 suis
668 1361 805 1447 propriis
821 1365 984 1449 principiis
1000 1389 1267 1453 quascunque-res
1280 1372 1368 1438 nasci

149 1508 153 1516 -
221 1466 361 1550 putavit,
384 1488 445 1551 que
467 1488 573 1530 rerum
596 1465 753 1551 principia
774 1469 973 1552 singularum
996 1472 1128 1537 credidit
1150 1496 1217 1540 esse
1239 1475 1368 1542 infinita

221 1575 253 1635 et
275 1570 520 1636 innumerabiles
542 1569 676 1635 mundos
698 1571 831 1657 gignere
854 1579 886 1638 et
901 1597 1084 1661 quecunque
1099 1578 1132 1642 iu
1147 1579 1192 1644 eis
1207 1581 1365 1663 oriuntur,

221 1698 335 1760 eosque
347 1676 479 1741 mundos
496 1675 589 1740 modo
605 1675 756 1759 [dissolvi
773 1678 879 1763 modo]
893 1680 902 1715 ¹
920 1680 1035 1745 iterum
1050 1681 1143 1767 gigni
1159 1685 1365 1766 existimavit,

218 1785 339 1866 quanta
362 1782 494 1866 quisque
522 1784 606 1846 etate
639 1804 697 1846 sua
727 1782 878 1849 manere⁸
909 1787 1062 1870 potuerit,
1092 1811 1148 1854 nec
1173 1789 1294 1874 aliquid
1317 1792 1365 1856 di·

219 1894 291 1952 vine
312 1889 411 1953 menti
433 1889 467 1951 in
490 1887 551 1952 hiis
573 1885 702 1952 rerum³
726 1889 874 1973 operibus
896 1891 1068 1958 tribuens⁶.

308 1991 430 2058 Olaruit
452 1998 557 2058 autem
581 1998 721 2079 tempore
743 1994 818 2075 (liri,
842 1995 925 2082 regis
947 2019 1118 2082 persarum.

543 2168 651 2253 *Gap
675 2168 714 2233 X.
760 2169 1029 2236 Anacharsis.

307 2308 518 2387 Anacharsis,
542 2307 763 2392 philosophus,
797 2309 876 2373 scita
906 2330 1040 2393 genere,
1069 2315 1105 2374 ut
1137 2311 1183 2376 ait
1205 2310 1363 2394 Lcercius,

217 2416 317 2482 (inuri
334 2415 428 2494 filius,
445 2415 543 2478 frater
558 2434 632 2477 vero
651 2412 805 2477 Chatendi
817 2412 840 2492 ⁴,
863 2413 948 2498 regis
970 2412 1121 2479 scitorum
1145 2415 1217 2482 fuit.
1256 2415 1362 2484 Huius

215 2526 317 2586 mater
339 2542 434 2606 greca
461 2522 546 2597 erat,
570 2523 762 2602 quapropter
788 2540 866 2603 puer
887 2518 971 2584 iste⁶
1002 2520 1144 2586 sciticam
1177 2526 1209 2588 et
1233 2545 1362 2609 grecam

216 2628 358 2713 linguam
380 2624 539 2691 noveram
586 2623 648 2689 Hic
663 2624 737 2689 licet
752 2646 886 2710 magnus
909 2629 940 2688 et
962 2626 995 2690 in
1011 2624 1104 2690 rebus
1119 2626 1240 2692 bellicis
1255 2628 1359 2693 sudas

215 2738 296 2800 esset
319 2738 351 2798 et
373 2737 534 2808 strenuus,
565 2735 602 2795 ut
623 2729 657 2793 iu
681 2729 824 2794 doctrina
846 2750 1012 2813 grecorum
1033 2730 1237 2816 moribusque
1260 2733 1361 2818 profi-

215 2842 308 2918 ceret,
330 2837 390 2902 ivit
407 2836 550 2902 Athenas
566 2839 598 2899 et
621 2835 660 2899 ad
676 2832 801 2899 Solonis
816 2834 1041 2918 sapientissimi
1057 2835 1185 2900 domum
1200 2837 1363 2921 profectus

85 3017 89 3026 ¹
214 2944 358 3009 nunciati
380 2941 490 3007 Soloni
512 2941 587 3006 fecit
621 2940 704 3025 quod
736 2939 874 3004 venisset
896 2939 935 3004 ad
958 2962 1029 3005 eum
1055 2940 1248 3007 Anacharsis
1270 2942 1362 3023 scita,

214 3050 341 3134 cupiens
370 3071 441 3113 eum
472 3046 577 3111 videre
610 3049 642 3109 et
671 3044 737 3109 eius
769 3044 887 3109 amicus
917 3044 1003 3125 fieri,
1042 3046 1069 3109 si
1102 3044 1185 3111 effici
1216 3051 1324 3131 posset
1334 3047 1360 3112 ⁶.

214 3154 338 3220 Solonis
370 3158 477 3218 autem
509 3172 693 3236 responsum
722 3150 786 3215 fuit
817 3149 900 3234 quod
931 3150 964 3214 in
990 3149 1126 3234 propriis
1149 3150 1262 3236 patriis
1284 3172 1362 3216 con-

207 3260 363 3331 ciliantur
387 3257 488 3324 amici.
528 3256 585 3321 (lui
608 3256 772 3321 mandavit
796 3255 985 3323 Anacharsis
1008 3255 1131 3321 dicens:
1158 3255 1271 3322 »Nunc
1293 3256 1362 3341 ipse

215 3364 248 3428 in
270 3364 375 3448 patria
407 3385 477 3427 sum
500 3361 631 3445 ideoque
662 3360 737 3425 licet
759 3359 854 3423 michi
878 3361 995 3425 amicos
1017 3360 1214 3425 conciliare«
1262 3359 1359 3426 Solon

213 3469 343 3533 veroin
366 3468 433 3533 eius
455 3466 706 3551 promptitudine
727 3469 856 3550 stupens
879 3466 1056 3531 introduxit
1079 3488 1150 3531 eum
1174 3468 1206 3530 et
1222 3464 1359 3531 amicum

213 3575 387 3639 maximum
410 3573 470 3637 sibi
493 3571 585 3651 fecit,
619 3572 651 3637 et
681 3571 811 3657 grandis
843 3569 1051 3657 philosophus
1078 3571 1181 3636 factus
1204 3574 1252 3637 est
1274 3568 1358 3657 apud

213 3677 360 3744 Solonem
370 3687 389 3745 ⁸.

776 3803 792 3832 0

285 3871 296 3924 l
319 3871 435 3940 August
455 3867 531 3941 Spec.
544 3869 609 3925 hist.
623 3888 648 3925 u
662 3869 750 3926 doctr.
803 3871 820 3924 2
838 3869 1042 3935 CRLNADGB,
1061 3869 1137 3940 Spec.
1151 3866 1215 3923 hist.
1230 3886 1256 3923 u.
1268 3867 1358 3923 doctr.

213 3959 345 4026 August,
364 3975 527 4028 permanere
545 3958 577 4012 Η.
649 3958 1170 4022 trebusetrerumll,s.14,anm.
1192 3959 1217 4011 7.
1269 3955 1361 4010 lea·

211 4043 301 4099 cenidi
320 4043 507 4111 CRLNADG;
525 4045 683 4102 Carcenidie
703 4045 737 4110 B;
756 4048 889 4100 Καδονίδα
907 4045 987 4116 Diog.
1007 4045 1098 4100 Laert
1171 4048 1186 4098 5
1205 4042 1259 4097 iste
1277 4060 1357 4111 ausg.

211 4132 241 4187 in
260 4131 363 4188 CRLN.
435 4135 451 4188 6
470 4132 678 4200 cuiusnam
697 4133 785 4204 possit
803 4134 836 4188 Η.

775 4249 788 4278 Ι

283 4328 399 4399 aDiog.
418 4327 510 4384 Lacrt.
530 4329 564 4394 11,
585 4329 609 4383 l.
663 4329 680 4382 b
699 4328 817 4397 August.
836 4328 870 4381 de
887 4326 939 4384 cir.
959 4324 1008 4381 Dei
1028 4321 1151 4391 vl11,11‚
1170 4323 1265 4392 Migne
1285 4338 1309 4376 a
1329 4341 1355 4378 a.

210 4439 243 4486 o..
264 4417 309 4474 bd.
322 4420 364 4483 41,
384 4435 424 4488 sp.
443 4418 503 4473 226.
532 4417 670 4487 Polycrat.
692 4414 857 4482 v11‚5‚bd.
879 4415 924 4481 lV,
944 4432 966 4469 s.
983 4415 1026 4468 93.
1104 4429 1118 4465 c
1140 4411 1267 4466 Vincunt
1288 4409 1358 4465 Bell.
