2894 5002
700 292 741 357 88

147 471 260 557 Itaque
282 470 456 563 maximum
478 472 622 554 poetam,
654 467 730 552 quia
752 467 881 532 domum
906 466 968 531 sibi
990 467 1126 532 invisam
1148 467 1293 534 obscenis

147 576 323 642 maledictis
346 577 550 655 laceraverat,
573 573 750 639 carminum
772 572 866 638 exilio
888 572 1154 638 mulctaverunt⁸.

234 681 358 748 Claruit
379 685 487 747 autem
509 679 702 766 Archilogns
726 682 868 764 tempore
889 677 1052 745 Manasses
1074 679 1160 766 ragis
1183 676 1294 744 Judee.

476 855 552 941 (lap.
575 852 678 920 XXII.
723 852 965 919 Simonides.

236 997 413 1064 Simonides
437 1000 549 1081 poeta,
581 999 619 1059 ut
641 995 687 1059 ait
708 992 856 1059 Valerius
878 994 960 1059 libro
983 995 1105 1078 primo,
1137 996 1296 1080 navigans

89 1185 92 1191 .
149 1125 205 1187 per
227 1124 314 1166 mare
336 1102 375 1166 ad
398 1101 475 1165 litus
498 1098 652 1183 applicuit
674 1102 707 1163 et
728 1098 774 1162 ibi
801 1102 961 1162 mortuum
985 1121 1097 1183 eorpus
1120 1099 1297 1164 humanum

149 1206 353 1272 inhumatum
376 1206 536 1291 reperiens
558 1206 713 1289 sepelivit.
752 1205 797 1269 Et
819 1227 890 1269 curn
914 1205 1018 1289 ipsum
1034 1205 1181 1290 sepeliret
1202 1206 1243 1270 sb
1258 1227 1296 1269 eo

150 1312 330 1393 admonitus
353 1315 401 1376 est
423 1332 463 1375 ne
485 1310 535 1375 die
557 1311 703 1394 proxima
721 1309 897 1394 navigaret.
937 1307 998 1384 Qui
1014 1310 1212 1394 acquiescens
1227 1331 1297 1374 mo·

149 1417 226 1482 nitis
249 1417 378 1482 interim
400 1416 563 1481 remansit.
609 1414 684 1499 Ipsa
714 1417 820 1478 autem
852 1414 902 1478 die
925 1414 1070 1498 procellis
1094 1419 1126 1479 et
1147 1413 1297 1479 fluctibus

118 1540 124 1592 ,¹
151 1522 206 1587 alii
224 1523 282 1606 qui
304 1520 499 1606 navigarunt
520 1519 628 1584 obruti
650 1517 753 1584 sune.
792 1517 873 1583 Item
895 1540 966 1583 oum
989 1519 1072 1603 apud
1088 1506 1221 1604 Scopam
1245 1541 1297 1584 ce·

151 1631 244 1692 naret
267 1626 452 1690 nunciatum
473 1627 522 1690 est
543 1625 571 1689 ei
595 1624 672 1689 duos
688 1625 816 1689 iuvenes
832 1624 870 1688 ad
886 1624 1014 1696 ianuam
1030 1628 1124 1703 stare,
1147 1628 1298 1710 rogantes

151 1734 189 1796 ut
210 1731 251 1795 a'd
273 1753 326 1795 eos
341 1729 492 1795 continuo
507 1729 658 1814 prodiret.
697 1729 758 1805 Qui
774 1752 845 1794 curn
861 1730 960 1794 exiret
974 1730 1132 1794 neminem
1146 1729 1297 1813 repperit,

152 1836 260 1902 eodem
283 1839 388 1900 autern
411 1837 572 1900 momento
594 1836 769 1900 triclinium
786 1835 961 1920 collapsum
983 1838 1032 1900 est
1050 1839 1082 1899 et
1098 1856 1205 1899 omnes
1221 1855 1299 1899 con·

154 1942 243 2006 vivas
266 1939 423 2024 oppressit
432 1947 452 2005 ⁶.
498 1936 717 2024 Interrogatus
740 1937 916 2005 Simonides
948 1961 1010 2023 quo
1042 1939 1135 2004 modo
1166 1938 1300 2004 evadere

46 2046 260 2111 mensurabat
282 2046 353 2129 quis
368 2046 472 2110 *odia
494 2044 672 2109 invidorum
697 2045 759 2109 ait:
795 2041 940 2109 »Invidos
971 2066 1034 2108 non
1057 2044 1188 2128 paciaris
1211 2044 1238 2108 si
1260 2043 1300 2108 de

152 2151 246 2216 rebus
276 2151 402 2236 magnis
436 2148 535 2214 nichil
563 2148 712 2214 habueris
745 2151 800 2212 aut
832 2147 931 2212 nichil
953 2148 1087 2213 feliciter
1109 2148 1243 2232 gesseris
1252 2147 1294 2214 ἦ(

152 2255 373 2340 Interrogatus
397 2255 473 2340 quid
492 2255 576 2319 inter
590 2254 734 2319 homines
749 2254 842 2319 facile
856 2258 1066 2334 consenescat,
1090 2254 1150 2319 ait:
1177 2253 1299 2319 ›Bene-

152 2361 310 2425 ficium⁰.‹

240 2463 345 2529 Huius
355 2464 413 2529 hee
428 2464 574 2531 feruntur
589 2464 686 2530 fuisse
702 2466 874 2531 sentencie:
890 2463 1006 2529 'Puoius
1022 2467 1070 2529 est
1084 2467 1187 2529 tacere
1203 2486 1299 2548 quam

153 2571 251 2656 loqui,
274 2571 432 2635 neminem
455 2571 539 2636 enirn
562 2571 704 2650 tacendo,
728 2571 845 2635 multos
869 2573 974 2635 autem
992 2567 1149 2653 loquendo
1163 2570 1300 2634 circum·

720 2702 735 2732 1

225 2814 243 2852 a
260 2797 325 2853 Val.
338 2796 411 2851 Max.
431 2795 477 2862 Vl,
497 2796 545 2861 ΙΙΙ,
565 2796 628 2851 sxs.
648 2799 670 2852 1.
698 2796 775 2852 Vino.
789 2796 867 2860 Bul,
885 2796 961 2866 Spac.
975 2795 1061 2852 doctr.
1077 2795 1184 2859 v1,48:
1205 2794 1300 2851 Valer.

154 2883 228 2941 libro
246 2883 294 2938 vl.
322 2884 383 2940 Joh.
404 2883 487 2948 vall,
513 2882 617 2940 Gomm.
639 2884 672 2947 V,
694 2883 718 2948 l,
738 2885 768 2949 5,
787 2883 825 2937 bl.
843 2882 922 2937 ssa:
942 2882 1034 2936 Valet.
1055 2880 1108 2946 ΙΙΙ,
1128 2883 1153 2936 6.
1184 2881 1301 2940 Bruson.

154 2971 205 3026 lib.
225 2971 270 3036 Vl,
290 2971 462 3041 descriptis,
482 2972 520 3026 bl.
542 2973 592 3026 180
601 2972 628 3026 b.
709 2971 727 3025 h
752 2971 814 3025 Vol.
833 2971 906 3025 Max.
926 2970 946 3034 1,
969 2970 1030 3034 Vll,
1049 2969 1111 3024 llxt.
1129 2971 1153 3026 3.
1182 2969 1304 3027 Phaedri

155 3058 289 3115 Fabular.
308 3076 398 3129 aesop.
420 3057 468 3114 lib.
482 3060 530 3124 IV,
558 3060 616 3115 fab.
635 3059 713 3114 XXI:
732 3057 921 3128 Naufragium
942 3056 1099 3114 Simonidis.
1129 3057 1183 3112 (lic.
1204 3057 1238 3113 de
1259 3058 1302 3113 di·

75 3196 84 3213 ,
156 3146 211 3202 vin.
233 3147 257 3213 1,
277 3147 319 3202 27.
347 3146 515 3216 Bromyard,
539 3147 723 3211 Ministratio,
750 3147 840 3211 MlX,
867 3148 926 3200 Art.
946 3145 1000 3212 111,
1020 3146 1071 3200 Xl:
1098 3144 1161 3200 Val.
1181 3144 1246 3199 libr.
1266 3146 1302 3200 ll.

156 3233 295 3300 Boceacio,
315 3235 350 3290 de
368 3234 485 3300 casibus,
504 3235 553 3290 lib.
567 3237 593 3290 ΙΙ
612 3237 714 3306 (gagen
732 3235 782 3289 das
801 3234 894 3298 endel:
914 3233 1008 3289 Pauca
1026 3234 1060 3288 de
1078 3233 1218 3304 sompnia:
1239 3233 1303 3290 dor·

158 3323 256 3379 mienti
275 3323 374 3377 futura
391 3322 540 3393 navigatio
558 3322 702 3394 prohibita
720 3325 774 3388 sst;
794 3323 832 3376 bl.
844 3322 877 3377 31
889 3339 914 3376 a.
945 3321 1060 3376 Brauon.
1080 3321 1129 3375 lib.
1148 3320 1183 3385 11,
1202 3321 1237 3376 do
1255 3321 1303 3377 be·

156 3410 267 3475 neficiis,
286 3410 325 3466 bl.
338 3412 371 3468 27
382 3428 413 3465 a:
432 3410 539 3467 moneri
559 3412 589 3465 in
606 3411 709 3466 somnis
728 3410 803 3464 visus
820 3412 871 3464 est.
900 3408 1063 3472 Guiociard.‚
1077 3408 1162 3472 Uetti,
1176 3409 1213 3465 bl.
1224 3408 1303 3463 89b:

155 3500 196 3570 gli
215 3514 340 3568 apparas
358 3497 388 3552 la
407 3499 487 3554 notte
505 3498 671 3563 dormand03
691 3488 806 3563 'L'Hora
824 3497 863 3551 bl.
876 3497 965 3552 ansb.
994 3496 1179 3566 L'llstrango‚
1201 3495 1304 3553 Sables

155 3587 186 3644 oi
202 3588 300 3656 Aesop,
320 3584 434 3650 arara,
453 3604 479 3656 p.
496 3589 557 3642 155:
578 3587 734 3643 Simonides
746 3586 885 3656 preserv'd
900 3586 936 3654 by
952 3584 1136 3641 Providence:
1155 3583 1222 3639 This
1234 3584 1303 3639 Man

156 3671 289 3744 appear'd
308 3675 338 3728 to
356 3672 415 3727 him
433 3673 464 3728 in
479 3692 497 3729 a
510 3674 614 3731 Vision.
642 3674 694 3730 Les
712 3676 775 3745 plus
793 3673 880 3729 belles
893 3673 993 3728 Pables
1011 3673 1131 3729 morales
1144 3672 1178 3728 de
1194 3672 1304 3729 Phedrs

156 3764 184 3816 et
202 3760 237 3815 de
255 3760 410 3831 Philelphe‚
429 3762 476 3815 des
496 3761 616 3818 Phaedri
628 3764 685 3818 und
701 3762 842 3833 Philelphi
854 3762 1056 3831 angenehmste
1068 3760 1146 3815 sinu·
1157 3760 1214 3814 und
1228 3760 1304 3815 lehr-

156 3847 247 3903 reiche
266 3847 362 3902 faboln
380 3853 680 3921 zusammengotragcn
698 3869 753 3908 von
771 3849 801 3905 G.
819 3850 942 3905 Mouton.
964 3849 1110 3918 llamburg
1125 3848 1198 3912 1729,
1220 3849 1304 3905 asca

156 3934 199 3988 bis
209 3935 268 3999 367,
296 3934 438 3989 fauxnl:
459 3936 512 3992 Der
525 3937 693 3993 schillbruoh
706 3938 754 3993 dos
767 3935 924 4000 Simonidis,
943 3935 1058 3990 deutsch
1079 3954 1105 3989 u.
1124 3934 1302 3992 franadsisoh.

157 4039 171 4077 c
191 4020 252 4074 Val.
271 4021 345 4076 Max.
364 4022 384 4087 1,
405 4022 478 4088 Vlll,
498 4025 560 4078 sxt.
580 4028 605 4079 7.
633 4023 686 4080 cic.
706 4024 740 4079 de
759 4024 836 4080 Orat.
857 4024 892 4088 ll,
902 4025 944 4078 86.
973 4022 1091 4090 Quintil.
1108 4023 1200 4078 Instit.
1221 4023 1267 4087 XI,
1279 4025 1304 4079 2.

157 4109 289 4174 Phaedr.,
314 4109 411 4165 Fabul.
437 4128 527 4182 aesop.
552 4111 612 4166 Lib.
637 4111 683 4178 IV,
708 4112 737 4167 P.
757 4111 864 4165 XXIV:
883 4109 1037 4167 Simonides
1056 4126 1073 4164 a
1090 4109 1150 4164 Diis
1168 4113 1305 4167 serratus.

158 4197 268 4253 Solinus
288 4197 308 4261 Ι,
329 4199 386 4263 120,
405 4217 426 4254 s.
449 4200 494 4256 31:
514 4200 667 4255 Pindarum
686 4199 806 4270 lyricum
825 4216 840 4254 e
859 4198 978 4255 convivii
997 4198 1057 4254 loco
1070 4198 1114 4253 oni
1135 4197 1306 4255 imminebat

157 4285 248 4349 ruina,
267 4303 302 4341 ne
321 4304 383 4341 cum
402 4288 499 4343 ceteris
517 4287 659 4353 interiret,
680 4287 830 4344 forinsecus
850 4287 948 4342 Castor
966 4289 995 4341 et
1013 4286 1111 4342 Pollux
1131 4290 1304 4342 vocaverunt

157 4373 379 4445 inspectantibus
406 4376 554 4434 univorsis:
578 4395 632 4448 quo
655 4376 784 4434 effectum
808 4379 841 4431 ut
868 4375 941 4432 solus
959 4373 1122 4446 impendens
1142 4374 1299 4446 periculum
