2894 5002
749 297 792 361 90

202 475 311 535 ventos
346 471 534 556 agnovimus
542 479 564 536 ⁸.
619 470 803 537 Remedium
836 473 992 536 mulorum
1021 471 1130 537 futura
1158 495 1230 556 spes
1261 475 1310 538 est
1321 471 1345 537 ²³.

202 573 428 641 Innocentem¹
451 599 514 641 non
537 577 682 642 debilitat
704 577 897 642 consciencia
919 576 953 640 in
975 574 1160 655 adversis-²,
1191 578 1343 643 solacium

203 680 337 762 (enim)³
354 685 402 745 est
416 680 538 746 homini
553 705 616 747 non
632 684 782 748 meruisse
797 683 881 767 quod
895 683 1017 766 patitur
1026 692 1046 748 ἵ
1073 682 1216 762 Fortuna
1230 683 1348 751 deserit

202 785 401 851 innocentem
424 810 505 872 sepe,
531 790 613 853 bona
635 811 706 873 spes
729 786 921 872 nunquaml.

291 889 362 971 Hic,
386 892 612 982 octogesimum
630 915 748 957 annum
763 892 893 971 habens,
916 892 1093 976 composuit
1108 897 1140 957 et
1156 893 1262 958 docuit
1277 914 1348 957 car·

206 994 293 1058 mina
314 1000 346 1061 et
368 998 526 1082 gloriatur
548 1021 581 1064 se
603 998 636 1064 in
656 1020 764 1063 eorum
780 997 953 1063 certamina
968 996 1162 1064 descendisse
1176 1001 1260 1063 etate
1275 1020 1349 1084 pre·

204 1099 317 1166 dicta‘.

292 1205 416 1274 Claruit
447 1213 553 1276 autem
576 1207 752 1275 Simonides
775 1213 916 1294 tempore
939 1208 1100 1273 Monaeses
1130 1207 1214 1303 regis
1237 1205 1348 1274 Judee.

549 1384 624 1469 Gap.
648 1383 768 1450 XXIII.
814 1383 1004 1451 Archile.

296 1525 440 1605 Archile,
456 1525 674 1611 philosophus,
696 1527 885 1607 tarentinus,
908 1526 996 1590 cuius
1012 1522 1210 1610 Pytegoras‘
1229 1527 1262 1589 et
1276 1523 1353 1589 Pla·

209 1634 266 1695 t0⁸
289 1631 448 1696 auditores
470 1632 599 1697 fuerrmt
621 1632 736 1698 claruit
767 1633 800 1697 in
823 1655 860 1697 ea
882 1635 973 1717 parte
993 1630 1087 1696 Italic
1108 1652 1170 1713 que
1192 1629 1352 1713 quondam

211 1735 331 1821 Magna
354 1735 465 1801 Grecia
492 1737 724 1804 nominabatur.
770 1736 846 1816 Hic,
878 1741 915 1801 ut
941 1736 987 1800 ait
1009 1734 1133 1800 Tullius
1154 1733 1188 1797 in
1208 1731 1292 1797 libro
1315 1732 1355 1798 de

210 1845 380 1919 senectute,
403 1863 474 1907 curn
498 1842 564 1906 eius
581 1842 717 1906 sermoni
732 1840 823 1905 Plato
839 1839 1031 1905 atheniensis
1045 1839 1222 1917 interesset,
1245 1838 1354 1902 docuit

212 1946 333 2010 nullam
356 1946 571 2030 capitaliorem
594 1951 713 2031 pestem
737 1969 832 2031 quam
854 1945 993 2029 corporis
1012 1942 1228 2027 voluptatemh
1250 1942 1357 2007 homi·

147 2084 149 2087 ·
211 2052 305 2115 nibus
329 2056 485 2116 enatura
508 2052 623 2118 datam.
663 2051 741 2117 Cum
757 2052 841 2117 enim
863 2050 909 2115 nil
931 2054 1036 2114 mente
1051 2048 1254 2132 prestabilius
1270 2048 1357 2112 Deus

214 2157 350 2223 dedisset
371 2157 495 2225 homini
516 2157 591 2223 huic
613 2157 720 2223 divino
743 2157 866 2223 muneri
888 2155 988 2221 nichil
1014 2159 1080 2219 tam
1103 2153 1266 2219 inimicum
1288 2175 1357 2219 esse

780 2292 795 2326 a

288 2381 301 2431 l
321 2379 486 2433 Innocentes
508 2376 712 2433 CRLNADGB.
766 2376 782 2430 2
800 2394 862 2430 cum
881 2374 910 2429 in
929 2372 1052 2429 adversis
1070 2371 1217 2441 tamenlI
1273 2371 1290 2426 3
1309 2369 1358 2426 CR

213 2464 368 2521 LNADGB.

777 2561 792 2589 1

91 2708 97 2721 1
288 2632 400 2687 acaec
422 2632 497 2689 Balb.
517 2652 537 2690 s.
551 2635 592 2697 28,
612 2635 698 2695 XXII,
717 2634 741 2695 2,
761 2634 790 2687 3:
810 2632 954 2700 Diogenes.
986 2629 1162 2688 libertanus,
1182 2625 1217 2679 de
1236 2627 1298 2678 arte
1317 2624 1358 2680 lc·

216 2720 329 2790 quendi,
348 2720 386 2776 bl.
400 2721 451 2784 21),
472 2721 550 2775 sllhrt
569 2722 639 2776 nach
658 2720 833 2789 wiedergabe
845 2718 920 2773 einer
933 2735 983 2771 aus
996 2716 1094 2770 Petrus
1108 2712 1216 2769 Allonsi
1235 2710 1362 2781 (Discipl.

216 2809 280 2864 cler.
302 2810 346 2872 Vl,
362 2810 404 2875 12)
423 2826 623 2879 genommenen
645 2809 726 2862 stelle
746 2806 885 2876 diejenige
903 2806 950 2860 des
965 2804 1041 2859 anc.
1055 2802 1134 2856 Balb.
1154 2801 1211 2854 last
1232 2798 1362 2854 wortlich

217 2915 262 2950 an.
290 2895 365 2952 Stob.
386 2897 480 2952 Sermo
498 2895 624 2960 XXXIII,
645 2914 685 2948 nr.
707 2898 746 2956 12,
766 2895 812 2950 bd.
825 2893 860 2955 ΙΙ,
879 2912 898 2946 s.
913 2893 960 2946 32:
981 2893 1137 2958 Σιμωνίδηςς
1156 2887 1252 2955 Paley,
1271 2884 1364 2940 Greek

217 2985 285 3046 wit,
304 2983 350 3037 bd.
370 2986 390 3048 I,
411 3003 432 3037 s.
453 2985 495 3039 36.
532 2983 609 3038 Hans
628 2984 719 3045 Sachs,
738 2982 789 3037 due
808 2983 865 3055 erst
877 2980 957 3043 buch,
976 2977 1025 3032 der
1044 2975 1116 3030 dritt
1129 2974 1207 3035 theil,
1228 2972 1365 3027 blame:

218 3073 378 3129 Simonides.
405 3071 606 3134 Guiooiardini,
625 3071 717 3130 Detti.
736 3070 773 3125 bl.
794 3071 869 3133 esa,
896 3067 1008 3130 L'hore,
1033 3064 1071 3117 bl.
1093 3061 1185 3117 llsb:
1210 3057 1361 3116 Simonide.

216 3164 306 3234 Marq.
325 3161 358 3218 de
377 3161 546 3225 Santillana,
566 3159 695 3223 Proverb‚
714 3156 860 3219 LXXXIX,
879 3154 976 3217 Obrue,
995 3170 1015 3208 s.
1034 3152 1083 3205 46:

583 3251 626 3304 Yo
643 3266 687 3304 me
705 3265 753 3316 aoy
774 3246 846 3301 visto
865 3243 983 3313 subgeto

583 3337 635 3393 Por
654 3336 756 3399 lablar,

584 3426 605 3480 I]
623 3440 784 3493 nuncupor
802 3421 826 3477 el
847 3420 937 3475 cellar

582 3514 643 3584 Fuy
661 3514 775 3569 cerreto.

221 3607 239 3661 b
258 3606 334 3660 Caec.
356 3606 433 3660 Balb.
453 3623 474 3659 s.
493 3604 536 3669 28,
556 3601 638 3663 XXV,
658 3602 687 3654 2:
706 3598 802 3661 Solum
821 3596 926 3652 Friedr.
945 3596 987 3651 33.
1058 3590 1168 3646 cCaec.
1189 3585 1267 3643 Balb.
1286 3602 1307 3638 s.
1322 3585 1367 3648 28,

222 3694 307 3757 XXV,
326 3697 356 3748 ‘22
376 3694 466 3750 Solon.
496 3693 549 3747 Cic
568 3691 604 3746 ad
623 3688 713 3743 famil.
734 3687 793 3752 Vll,
813 3686 861 3751 lll,
880 3685 913 3737 9:
933 3679 1198 3749 Vacareculpaetc
1252 3670 1369 3730 dCaec.

222 3781 301 3835 Balb.
320 3799 340 3834 s.
360 3782 402 3844 28,
422 3780 506 3844 XXV,
526 3781 555 3842 3;
572 3777 676 3833 Friedr.
698 3778 755 3830 170.
787 3773 861 3830 Stob.
881 3772 976 3827 Sermo
994 3769 1055 3831 CX,
1073 3769 1121 3831 20,
1141 3764 1187 3820 bd.
1207 3761 1253 3824 IV,
1278 3778 1298 3814 s.
1319 3761 1369 3816 59:

225 3868 368 3938 Diogenes.
399 3866 616 3923 Sentent..lalso
634 3864 708 3918 iuter
724 3861 822 3915 Publil.
842 3877 895 3914 rec.
913 3860 980 3914 334:
1000 3858 1086 3925 Saepe
1104 3853 1220 3910 fortuna
1237 3848 1370 3902 innocen·

100 4015 107 4026 ,
223 3960 288 4021 tem,
308 3973 451 4025 nunquam
470 3971 532 4024 spes
550 3955 625 4008 bona
643 3950 759 4015 deserIt;
777 3948 882 4003 Friedr.
901 3948 962 4003 329.
990 3945 1068 4007 Cato,
1088 3941 1148 3995 Lib.
1168 3941 1201 4002 Il,
1221 3937 1252 3991 D.
1271 3937 1321 3992 25:

379 4043 470 4098 Rebus
488 4043 518 4096 in
537 4040 660 4095 adversis
680 4038 805 4092 animum
825 4035 990 4090 submittere
1009 4031 1082 4088 noli!

379 4135 462 4201 Spem
481 4130 584 4185 retine!
604 4146 665 4199 spes
683 4145 740 4181 una
760 4125 901 4183 hominem
919 4139 969 4177 nec
987 4121 1078 4176 morte
1095 4116 1231 4186 relinquo.

225 4222 303 4277 Fiore
322 4221 351 4274 di
371 4220 453 4274 Virta
472 4237 492 4274 s.
513 4220 577 4274 153:
596 4218 674 4272 Cato.
707 4214 773 4269 Jani
791 4211 889 4281 Anysii
908 4209 1032 4265 Sentent.
1051 4207 1103 4262 304
1121 4205 1150 4259 in
1170 4201 1272 4257 Orellia
1290 4200 1374 4256 Publ.

225 4310 287 4379 Syri
306 4308 381 4362 Sent.
400 4325 421 4362 s.
442 4308 499 4362 130.
529 4304 659 4367 Schiller,
684 4302 841 4371 Hoffnung:
867 4298 944 4354 Noch
971 4313 1016 4349 am
1035 4292 1123 4364 grube
1145 4289 1250 4362 pflanzt
1278 4304 1308 4343 er
1327 4287 1374 4344 die

228 4397 364 4466 hofl'nung
382 4395 438 4450 auf.
492 4410 507 4448 e
524 4392 586 4450 Joh.
600 4391 683 4458 Vall,
701 4389 796 4459 Ocmp.
812 4387 842 4453 V,
856 4387 881 4452 8,
902 4385 941 4440 bl.
955 4384 1004 4440 131
1017 4381 1048 4435 b:
1069 4381 1163 4435 Valer.
1175 4377 1282 4448 (Mea),
1295 4374 1374 4441 VIII,
