2894 5002
707 314 749 380 92

156 513 251 574 quam
283 490 488 574 voluptatem.
534 489 624 566 Quod
654 494 691 554 ut
720 492 822 576 magis
854 489 991 575 intelligi
1023 493 1129 574 posset
1157 489 1309 576 fingebat.

52 596 262 662 .u.s.anim0
293 599 385 659 tanta
411 594 578 659 incitatum
594 594 611 633 *
626 594 787 660 hominem
818 595 957 679 corporis
987 596 1151 680 voluptate
1179 599 1301 680 quanta

156 699 275 784 percipi
298 703 405 783 posset
430 699 586 778 maxima,
614 703 646 764 et
668 698 787 763 nemini
809 699 956 764 censebat
977 701 1046 765 fore
1068 701 1200 765 dubium
1223 699 1300 784 quin

157 807 223 867 tam
246 804 300 867 diu
323 804 448 868 dum't
421 807 467 868 ita
489 804 642 889 gauderet
665 803 765 868 nichil
788 805 911 888 agitare
934 810 1057 885 mente,
1088 806 1189 870 nichil
1211 804 1301 890 cogi·

156 910 288 974 taoione
303 910 353 974 vel
375 909 499 975 racione
522 909 670 994 consequi
693 913 829 992 posset·
874 908 972 990 Idem,
994 915 1031 974 ut
1054 911 1099 975 ait
1085 910 1275 975 tTullius
1265 931 1301 972 rn

156 1012 239 1078 libro
263 1013 300 1079 de
321 1015 475 1079 amicicia:
499 1013 680 1079 Niohilt
624 1018 680 1078 nat
681 1037 739 1079 ura
753 1014 827 1080 solit
814 1016 931 1079 tarium
947 1015 1301 1101 smat”,undes1quis

156 1118 190 1181 in
214 1116 315 1182 celum
338 1118 527 1184 ascendisset
549 1122 758 1203 naturamque
780 1119 890 1184 mundi
916 1124 947 1184 et
969 1120 1236 1204 pulchritudinem
1255 1121 1301 1185 si·

158 1224 267 1288 derum
289 1225 462 1308 aspexisset
488 1225 650 1289 insuavem
680 1224 730 1288 illi
758 1225 826 1288 sine
848 1226 932 1290 socio
955 1229 988 1291 et
1009 1227 1129 1291 amico‘
1151 1225 1301 1291 ammini-

158 1331 348 1395 stracionem
361 1331 370 1366 ¹
395 1330 463 1394 fore
487 1329 612 1409 diceret,
637 1352 698 1413 que
717 1331 940 1397 iocundissima
954 1331 1038 1397 foret
1052 1331 1080 1397 si
1095 1331 1233 1418 aliquem
1249 1331 1301 1395 cui

155 1440 315 1502 narrasset
335 1434 528 1500 habuisset⁶.
1314 1520 1320 1532 .

243 1542 347 1605 Huius
370 1543 528 1606 sentencie
551 1543 588 1607 de
611 1542 717 1606 anima
739 1542 797 1608 hee
812 1546 905 1608 sunt:
927 1542 1044 1608 Anima
1066 1542 1105 1606 ad
1120 1541 1300 1626 exemplum

158 1646 251 1710 unius
281 1648 382 1711 l'orme
410 1646 584 1729 composita
613 1649 662 1710 est
690 1669 751 1729 que
782 1647 827 1711 sic
848 1645 1038 1712 illocaliter²
1062 1647 1244 1711 dominatur
1265 1646 1301 1709 in

156 1772 287 1835 corpore
310 1753 391 1816 sicut
406 1775 504 1816 unum
520 1751 553 1815 in
570 1753 709 1816 numeris
719 1760 739 1816 ⁸.
778 1752 883 1817 Idem:
907 1751 1006 1817 Nulla
1021 1752 1118 1836 pestis
1134 1749 1302 1835 capitalior

158 1878 253 1940 quam
276 1855 422 1941 voluptas
445 1858 585 1942 corporis
616 1859 704 1923 cuius
734 1859 824 1923 avide
847 1858 993 1923 libidines
1016 1863 1133 1923 temere
1155 1861 1188 1921 et
1208 1856 1303 1921 effre·

134 1970 140 2031 s
157 1965 231 2026 nate
247 1963 285 2026 ad
300 1962 491 2046 pociundum
507 1964 652 2043 incitant,
668 1963 742 2029 hino
757 1964 860 2049 patrie
875 1964 1081 2048 proditiones,
1104 1962 1179 2027 hinc
1194 1961 1303 2046 publi·

157 2090 263 2132 carum
287 2090 392 2133 rerum
407 2068 592 2148 eversiones,
616 2069 738 2133 nullum
755 2070 854 2134 scelus
871 2069 1014 2153 denique,
1037 2068 1161 2132 nullum
1177 2066 1302 2132 facinus
1328 2105 1334 2115 ·

157 2174 265 2239 estad
289 2175 373 2259 quod
396 2175 628 2259 suscipiendum
653 2176 753 2240 libido
776 2176 950 2259 voluptatis
973 2196 1035 2239 non
1059 2171 1202 2257 impellat
1212 2171 1232 2235 ¹.

244 2279 306 2345 Hic
330 2279 473 2359 Archita,
498 2285 533 2344 ut
555 2281 601 2344 ait
616 2280 763 2345 Valerius
787 2281 869 2345 libro
885 2283 1010 2364 quarto,
1033 2277 1139 2342 villico
1161 2299 1218 2341 suo
1236 2275 1303 2340 ira·

157 2389 219 2465 tus,
246 2384 510 2470 »sumpsissem«,
533 2385 655 2469 inquit,
691 2409 727 2448 »a
750 2390 781 2450 te
811 2384 1001 2469 supplicium
1033 2383 1094 2448 nisi
1117 2382 1177 2446 tibi
1199 2382 1302 2445 iratus

157 2513 285 2555 essem«
325 2490 441 2554 Maluit
464 2491 547 2556 enim
570 2513 641 2555 eum
657 2491 850 2575 impunitum
868 2491 1045 2576 relinquere
1060 2512 1156 2574 quam
1171 2491 1303 2573 propter

156 2596 237 2659 iram
260 2595 344 2660 iusto
367 2597 496 2681 gravius
519 2597 632 2680 punire
641 2605 660 2659 ⁸.

231 2753 242 2804 Ι
263 2751 363 2807 ebenso
382 2751 457 2821 Spec.
477 2752 559 2817 hist.;
579 2703 797 2811 admiracidnem
817 2751 893 2822 Spec.
913 2753 999 2810 doctr.
1018 2751 1073 2806 Cio.
1165 2751 1182 2803 2
1198 2747 1301 2805 ebenso

158 2836 234 2908 Spec.
253 2838 332 2903 hist.;
352 2838 471 2894 illocalis
489 2839 693 2897 CRLNADGB.

719 2951 736 2982 Ἰ

230 3013 248 3050 a
267 2997 344 3053 Vino.
366 2997 434 3053 Bell.
454 2997 530 3069 Spec.
549 2996 614 3053 hist.
633 3000 680 3063 lV,
699 3001 747 3057 8οι
772 2998 882 3053 Tullius
905 2999 936 3052 in
954 2998 1027 3055 libro
1052 3001 1086 3055 de
1104 2996 1213 3061 senect,
1228 2995 1307 3065 (XII,

156 3086 190 3141 39
211 3085 252 3140 bis
270 3087 323 3156 41).
395 3087 413 3140 b
432 3085 557 3153 Schiller,
576 3087 621 3142 die
639 3086 848 3141 freundschaft:

365 3174 518 3231 Froundlos
537 3193 594 3229 war
613 3176 661 3230 der
680 3191 774 3245 grosse
792 3173 1016 3238 weltenmeister,

366 3262 467 3317 Funus
484 3263 605 3333 mangel
625 3264 725 3317 dorum
745 3261 827 3316 schul
843 3279 873 3316 er
891 3260 1002 3331 genter,

259 3345 263 3352 ’
366 3350 447 3420 Selge
465 3351 569 3421 spiegel
589 3351 679 3406 seiner
697 3351 835 3421 seligkeit.

156 3459 171 3496 o
192 3441 317 3504 Verinus,
337 3439 375 3493 bl.
397 3440 469 3493 lla:

366 3527 436 3593 Quid
456 3527 510 3581 tibi
525 3527 680 3598 jucundum
700 3525 836 3582 submotis
854 3526 927 3580 esset
945 3521 1048 3589 amicis,

418 3615 525 3670 Cuncta
543 3615 596 3670 tibi
614 3633 775 3686 quanquam
794 3613 851 3668 sint
869 3612 1015 3667 cumulato.
1032 3610 1127 3667 bona?

157 3708 174 3762 d
196 3707 272 3760 Vino.
293 3706 360 3760 Bell.
380 3702 455 3774 Spes.
469 3703 534 3757 hist.
548 3701 595 3766 lV,
609 3706 656 3768 803
674 3705 761 3759 doctr.
782 3702 827 3766 Vl,
840 3702 887 3758 38:
906 3700 1014 3754 Tullius
1031 3699 1061 3753 in
1080 3699 1153 3755 libro
1164 3698 1199 3754 dc
1212 3698 1303 3766 amic,
1345 3744 1348 3751 .

158 3792 267 3863 (Xlllll,
287 3793 320 3847 87
340 3793 398 3861 lp).
435 3791 514 3846 Fiore
532 3790 561 3844 di
582 3792 671 3854 Virtu,
691 3809 711 3844 s.
731 3791 779 3844 24:
805 3788 897 3845 Tullio
922 3787 1002 3842 disse.
1030 3786 1178 3842 Democrit.
1201 3786 1305 3852 ridens,

157 3900 177 3935 s.
199 3882 263 3935 109:
282 3880 464 3935 Conversatio
482 3897 567 3948 qusm
582 3878 715 3948 jucunda.
794 3896 808 3932 o
828 3877 906 3931 Vino.
925 3875 994 3930 Bell.
1013 3875 1088 3945 Spcc.
1108 3874 1172 3929 hist.
1192 3874 1240 3938 IV,
1260 3877 1303 3931 80.

158 3968 290 4032 Mussach,
310 3968 422 4038 l'ragnr.
440 3967 461 4031 Ι,
481 3986 500 4021 s.
521 3968 586 4022 585:
607 3967 646 4020 Ex
665 3967 737 4022 libro
756 3966 790 4020 de
809 3967 902 4020 mente
921 3967 949 4019 et
968 3981 1055 4018 sensu.
1110 3963 1123 4016 f
1141 3964 1218 4017 Vino.
1233 3962 1303 4019 Bell.

157 4075 182 4111 a.
202 4074 228 4110 a,
247 4074 271 4111 o.
302 4057 379 4125 Spes.
398 4055 485 4111 doctr.
507 4055 537 4117 V,
559 4055 621 4107 152:
646 4053 755 4107 Tullius
774 4054 804 4107 in
822 4052 895 4108 libro
913 4052 948 4107 de
968 4054 1076 4114 senect,
1096 4050 1167 4119 (llll,
1185 4050 1228 4114 39,
1250 4052 1304 4120 lo).

159 4145 223 4214 ugr
242 4163 262 4199 s
282 4144 323 4206 oo,
343 4162 364 4196 z
386 4145 424 4201 14
481 4142 826 4211 gvineBellss.0.;
850 4137 1305 4206 r00t1v932vu.(uax)rv‚
1341 4124 1351 4138 “

157 4235 189 4303 (l,
208 4235 269 4288 Ext.
290 4234 323 4300 1).
354 4231 426 4287 Dial.
445 4231 572 4286 Creator
592 4247 651 4299 cap.
673 4229 725 4293 Vl,
750 4229 784 4283 de
808 4229 866 4284 oelo
893 4230 921 4282 et
947 4229 1040 4281 terra:
1067 4227 1160 4282 Valsr
1180 4226 1307 4291 Oeasolia,

158 4323 192 4378 do
207 4321 273 4376 ludo
286 4319 382 4384 scach
402 4320 439 4374 bl.
453 4318 580 4373 XXle.
610 4317 772 4387 Bromysrd,
787 4317 841 4380 Ira,
861 4316 968 4381 lVlll,
987 4317 1048 4371 Art
1064 4316 1110 4380 VI,
1124 4313 1213 4369 Xllll.
1241 4314 1306 4371 Joh.

159 4408 241 4475 Vall,
260 4408 361 4464 Brevil.
380 4405 428 4475 lV,
448 4407 479 4474 3,
498 4406 537 4461 bl.
556 4405 648 4461 162Ικ
670 4405 731 4461 Val.
750 4405 798 4463 ΙΙΙ.
826 4405 1047 4475 Cantipratanus
1066 4402 1108 4467 ΙΙ,
1129 4403 1175 4467 18,
1195 4419 1216 4456 s.
1235 4402 1304 4457 223:
